%YAML 1.1
%TAG !u! tag:unity3d.com,2011:
--- !u!1 &776050626387137300
GameObject:
  m_ObjectHideFlags: 0
  m_CorrespondingSourceObject: {fileID: 0}
  m_PrefabInstance: {fileID: 0}
  m_PrefabAsset: {fileID: 0}
  serializedVersion: 6
  m_Component:
  - component: {fileID: 6922916270299164909}
  - component: {fileID: 1025759653667653336}
  m_Layer: 0
  m_Name: PartDoubleCorner
  m_TagString: Untagged
  m_Icon: {fileID: 0}
  m_NavMeshLayer: 0
  m_StaticEditorFlags: 0
  m_IsActive: 1
--- !u!4 &6922916270299164909
Transform:
  m_ObjectHideFlags: 0
  m_CorrespondingSourceObject: {fileID: 0}
  m_PrefabInstance: {fileID: 0}
  m_PrefabAsset: {fileID: 0}
  m_GameObject: {fileID: 776050626387137300}
  m_LocalRotation: {x: 0, y: 0, z: 0, w: 1}
  m_LocalPosition: {x: 0, y: 0, z: 0}
  m_LocalScale: {x: 1, y: 1, z: 1}
  m_Children:
  - {fileID: 2640928023967614207}
  - {fileID: 5254631516064026490}
  m_Father: {fileID: 0}
  m_RootOrder: 0
  m_LocalEulerAnglesHint: {x: 0, y: 0, z: 0}
--- !u!114 &1025759653667653336
MonoBehaviour:
  m_ObjectHideFlags: 0
  m_CorrespondingSourceObject: {fileID: 0}
  m_PrefabInstance: {fileID: 0}
  m_PrefabAsset: {fileID: 0}
  m_GameObject: {fileID: 776050626387137300}
  m_Enabled: 1
  m_EditorHideFlags: 0
  m_Script: {fileID: 11500000, guid: 0ac326ca4cc335242a3194deec548316, type: 3}
  m_Name: 
  m_EditorClassIdentifier: 
  Objects:
  - {fileID: 9130883725285358953}
  - {fileID: 1368302446255814380}
  Materials: []
  FallbackMaterials:
  - {fileID: 2100000, guid: a23cadff687aad04e96b1a95010e5127, type: 2}
  - {fileID: 2100000, guid: 9bcf18eec0d7544438f48d89be694f98, type: 2}
--- !u!1001 &979118714673177696
PrefabInstance:
  m_ObjectHideFlags: 0
  serializedVersion: 2
  m_Modification:
    m_TransformParent: {fileID: 6922916270299164909}
    m_Modifications:
    - target: {fileID: -4216859302048453862, guid: de1794df0114a6446a2dc9fee38842c4,
        type: 3}
      propertyPath: m_LocalPosition.x
      value: -0
      objectReference: {fileID: 0}
    - target: {fileID: -4216859302048453862, guid: de1794df0114a6446a2dc9fee38842c4,
        type: 3}
      propertyPath: m_LocalPosition.y
      value: 0
      objectReference: {fileID: 0}
    - target: {fileID: -4216859302048453862, guid: de1794df0114a6446a2dc9fee38842c4,
        type: 3}
      propertyPath: m_LocalPosition.z
      value: 0
      objectReference: {fileID: 0}
    - target: {fileID: -4216859302048453862, guid: de1794df0114a6446a2dc9fee38842c4,
        type: 3}
      propertyPath: m_LocalRotation.x
      value: 0
      objectReference: {fileID: 0}
    - target: {fileID: -4216859302048453862, guid: de1794df0114a6446a2dc9fee38842c4,
        type: 3}
      propertyPath: m_LocalRotation.y
      value: -0
      objectReference: {fileID: 0}
    - target: {fileID: -4216859302048453862, guid: de1794df0114a6446a2dc9fee38842c4,
        type: 3}
      propertyPath: m_LocalRotation.z
      value: -0
      objectReference: {fileID: 0}
    - target: {fileID: -4216859302048453862, guid: de1794df0114a6446a2dc9fee38842c4,
        type: 3}
      propertyPath: m_LocalRotation.w
      value: 1
      objectReference: {fileID: 0}
    - target: {fileID: -4216859302048453862, guid: de1794df0114a6446a2dc9fee38842c4,
        type: 3}
      propertyPath: m_RootOrder
      value: 1
      objectReference: {fileID: 0}
    - target: {fileID: -4216859302048453862, guid: de1794df0114a6446a2dc9fee38842c4,
        type: 3}
      propertyPath: m_LocalEulerAnglesHint.x
      value: 0
      objectReference: {fileID: 0}
    - target: {fileID: -4216859302048453862, guid: de1794df0114a6446a2dc9fee38842c4,
        type: 3}
      propertyPath: m_LocalEulerAnglesHint.y
      value: 0
      objectReference: {fileID: 0}
    - target: {fileID: -4216859302048453862, guid: de1794df0114a6446a2dc9fee38842c4,
        type: 3}
      propertyPath: m_LocalEulerAnglesHint.z
      value: 0
      objectReference: {fileID: 0}
    - target: {fileID: -1504981713932161579, guid: de1794df0114a6446a2dc9fee38842c4,
        type: 3}
      propertyPath: m_Materials.Array.data[0]
      value: 
      objectReference: {fileID: 2100000, guid: 936e561b05ee56d4fbf438ab6f262ecc, type: 2}
    - target: {fileID: -927199367670048503, guid: de1794df0114a6446a2dc9fee38842c4,
        type: 3}
      propertyPath: m_Name
      value: Set2DoubleCorner2
      objectReference: {fileID: 0}
    m_RemovedComponents: []
  m_SourcePrefab: {fileID: 100100000, guid: de1794df0114a6446a2dc9fee38842c4, type: 3}
--- !u!1 &9130883725285358953 stripped
GameObject:
  m_CorrespondingSourceObject: {fileID: -927199367670048503, guid: de1794df0114a6446a2dc9fee38842c4,
    type: 3}
  m_PrefabInstance: {fileID: 979118714673177696}
  m_PrefabAsset: {fileID: 0}
--- !u!4 &5254631516064026490 stripped
Transform:
  m_CorrespondingSourceObject: {fileID: -4216859302048453862, guid: de1794df0114a6446a2dc9fee38842c4,
    type: 3}
  m_PrefabInstance: {fileID: 979118714673177696}
  m_PrefabAsset: {fileID: 0}
--- !u!1001 &7051725268598091749
PrefabInstance:
  m_ObjectHideFlags: 0
  serializedVersion: 2
  m_Modification:
    m_TransformParent: {fileID: 6922916270299164909}
    m_Modifications:
    - target: {fileID: -4216859302048453862, guid: cb3855274f0e9994d8120a79a69eab12,
        type: 3}
      propertyPath: m_LocalPosition.x
      value: -0
      objectReference: {fileID: 0}
    - target: {fileID: -4216859302048453862, guid: cb3855274f0e9994d8120a79a69eab12,
        type: 3}
      propertyPath: m_LocalPosition.y
      value: 0
      objectReference: {fileID: 0}
    - target: {fileID: -4216859302048453862, guid: cb3855274f0e9994d8120a79a69eab12,
        type: 3}
      propertyPath: m_LocalPosition.z
      value: 0
      objectReference: {fileID: 0}
    - target: {fileID: -4216859302048453862, guid: cb3855274f0e9994d8120a79a69eab12,
        type: 3}
      propertyPath: m_LocalRotation.x
      value: 0
      objectReference: {fileID: 0}
    - target: {fileID: -4216859302048453862, guid: cb3855274f0e9994d8120a79a69eab12,
        type: 3}
      propertyPath: m_LocalRotation.y
      value: -0
      objectReference: {fileID: 0}
    - target: {fileID: -4216859302048453862, guid: cb3855274f0e9994d8120a79a69eab12,
        type: 3}
      propertyPath: m_LocalRotation.z
      value: -0
      objectReference: {fileID: 0}
    - target: {fileID: -4216859302048453862, guid: cb3855274f0e9994d8120a79a69eab12,
        type: 3}
      propertyPath: m_LocalRotation.w
      value: 1
      objectReference: {fileID: 0}
    - target: {fileID: -4216859302048453862, guid: cb3855274f0e9994d8120a79a69eab12,
        type: 3}
      propertyPath: m_RootOrder
      value: 0
      objectReference: {fileID: 0}
    - target: {fileID: -4216859302048453862, guid: cb3855274f0e9994d8120a79a69eab12,
        type: 3}
      propertyPath: m_LocalEulerAnglesHint.x
      value: 0
      objectReference: {fileID: 0}
    - target: {fileID: -4216859302048453862, guid: cb3855274f0e9994d8120a79a69eab12,
        type: 3}
      propertyPath: m_LocalEulerAnglesHint.y
      value: 0
      objectReference: {fileID: 0}
    - target: {fileID: -4216859302048453862, guid: cb3855274f0e9994d8120a79a69eab12,
        type: 3}
      propertyPath: m_LocalEulerAnglesHint.z
      value: 0
      objectReference: {fileID: 0}
    - target: {fileID: -1504981713932161579, guid: cb3855274f0e9994d8120a79a69eab12,
        type: 3}
      propertyPath: m_Materials.Array.data[0]
      value: 
      objectReference: {fileID: 2100000, guid: 7efe90813e24b204d83e498d3a2b20e6, type: 2}
    - target: {fileID: -927199367670048503, guid: cb3855274f0e9994d8120a79a69eab12,
        type: 3}
      propertyPath: m_Name
      value: Set2DoubleCorner1
      objectReference: {fileID: 0}
    m_RemovedComponents: []
  m_SourcePrefab: {fileID: 100100000, guid: cb3855274f0e9994d8120a79a69eab12, type: 3}
--- !u!1 &1368302446255814380 stripped
GameObject:
  m_CorrespondingSourceObject: {fileID: -927199367670048503, guid: cb3855274f0e9994d8120a79a69eab12,
    type: 3}
  m_PrefabInstance: {fileID: 7051725268598091749}
  m_PrefabAsset: {fileID: 0}
--- !u!4 &2640928023967614207 stripped
Transform:
  m_CorrespondingSourceObject: {fileID: -4216859302048453862, guid: cb3855274f0e9994d8120a79a69eab12,
    type: 3}
  m_PrefabInstance: {fileID: 7051725268598091749}
  m_PrefabAsset: {fileID: 0}
